@techreport{2021:nuSIM:Doc.01,
      author        = "Kyberd, P and Long, K",
      title         = "{nuSIM: parameters for first simulation of neutrino spectra}",
      number        = "nuSIM-2021-01",
      month         = "March",
      year          = "2021",
      reportNumber  = "nuSIM-2021-01",
      url           = "https://www.nustorm.org/trac/raw-attachment/wiki/Software-and-computing/Documentation/2021/nuSIM-doc-01.pdf",
}
