@techreport{Ahdida:2654649,
      author        = "Ahdida, C.C. and Appleby, R. and Bartmann, W. and Bauche,
                       J. and Calviani, M. and Gall, J. and Gilardoni, S. and
                       Goddard, B. and Hessler, C. and Huber, P. and
                       Efthymiopoulos, I. and Lagrange, J.B. and Lamont, M. and
                       Long, K. and Osborne, J.A. and Pasternak, J. and Soler,
                       F.J.P. and Tygier, S. and Velotti, F.M.",
      title         = "{nuSTORM at CERN: Feasibility Study}",
      institution   = "CERN",
      address       = "Geneva",
      number        = "CERN-PBC-REPORT-2019-003",
      month         = "Oct",
      year          = "2020",
      reportNumber  = "CERN-PBC-REPORT-2019-003",
      url           = "http://cds.cern.ch/record/2654649",
      doi           = "10.17181/CERN.FQTB.O8QN",
}
